<?xml version="1.0" encoding="UTF-8"?><collection xmlns="http://www.loc.gov/MARC21/slim"><record><leader>00393nam--2200145-i-4500</leader><controlfield tag="001">000009473</controlfield><controlfield tag="002">20161230</controlfield><controlfield tag="005">20161230201028</controlfield><controlfield tag="008">060222s1000------------r-----000-0-eng-d</controlfield><datafield ind1=" " ind2=" " tag="080"><subfield code="a">002</subfield></datafield><datafield ind1=" " ind2=" " tag="100"><subfield code="a">Alouche, F. S.A</subfield></datafield><datafield ind1=" " ind2=" " tag="245"><subfield code="a">Economie generale d une chaine documentaire mecanisee</subfield></datafield><datafield ind1=" " ind2=" " tag="260"><subfield code="a">Paris, Gauthier-villars, 1967 X + 323p</subfield></datafield><datafield ind1=" " ind2=" " tag="490"><subfield code="a">Documentation Et Information</subfield></datafield><datafield ind1=" " ind2=" " tag="852"><subfield code="a">33935</subfield></datafield></record></collection>